% Encoding: UTF-8

@Article{katz1953new,
  author    = {Katz, Leo},
  title     = {A new status index derived from sociometric analysis},
  journal   = {Psychometrika},
  year      = {1953},
  volume    = {18},
  number    = {1},
  pages     = {39--43},
  publisher = {Springer},
}

@Article{bonacich1987power,
  author    = {Bonacich, Phillip},
  title     = {Power and centrality: A family of measures},
  journal   = {American journal of sociology},
  year      = {1987},
  volume    = {92},
  number    = {5},
  pages     = {1170--1182},
  publisher = {University of Chicago Press},
}

@Article{Bonacich1972,
  author    = {Bonacich, Phillip},
  title     = {Technique for analyzing overlapping memberships},
  journal   = {Sociological methodology},
  year      = {1972},
  volume    = {4},
  pages     = {176--185},
  publisher = {JSTOR},
}

@Article{Bonacich1972b,
  author    = {Bonacich, Phillip},
  title     = {Factoring and weighting approaches to status scores and clique identification},
  journal   = {Journal of mathematical sociology},
  year      = {1972},
  volume    = {2},
  number    = {1},
  pages     = {113--120},
  publisher = {Taylor \& Francis},
}

@TechReport{page1999pagerank,
  author      = {Page, Lawrence and Brin, Sergey and Motwani, Rajeev and Winograd, Terry},
  title       = {The PageRank citation ranking: Bringing order to the web.},
  institution = {Stanford InfoLab},
  year        = {1999},
}

@Article{krivine1979constantes,
  author    = {Krivine, Jean-Louis},
  title     = {Constantes de Grothendieck et fonctions de type positif sur les spheres},
  journal   = {Advances in Mathematics},
  year      = {1979},
  volume    = {31},
  number    = {1},
  pages     = {16--30},
  publisher = {Elsevier},
}

@TechReport{janson2010graphons,
  author      = {Janson, Svante},
  title       = {Graphons, cut norm and distance, couplings and rearrangements},
  institution = {Department of Mathematics, Uppsala University},
  year        = {2010},
}

@Comment{jabref-meta: databaseType:bibtex;}
